@misc{ABHOC,
    author="AlanTuring.net",
    title="{A Brief History of Computing}",
    year="2000",
    howpublished="\url{http://www.alanturing.net/turing_archive/pages/Reference%20Articles/BriefHistofComp.html}"
}

@misc{WIAI,
    author="AlanTuring.net",
    title="{What is Artificial Intelligence?}",
    year="2000",
    howpublished="\url{http://www.alanturing.net/turing_archive/pages/Reference%20Articles/What%20is%20AI.html}"
}

@misc{GNEUROIA,
    author="Microsiervos",
    title="{La red neuronal de Google que puede saber dónde se tomó una foto sólo con mirarla, sin los datos GPS}",
    year="2016",
    howpublished="\url{http://www.microsiervos.com/archivo/tecnologia/red-neuronal-google-saber-donde-tomo-foto-mirarla-sin-datos-gps.html}"
}

@book{VK,
    author="Philip K. Dick",
    title="¿Suenan los androides con ovejas mecánicas?",
    year="1968",
    note="El test Voight-Kampff es un test de empatía que aparece en la obra de ciencia ficción"
    }
